@inproceedings{grudin2001partitioning,
  title={Partitioning digital worlds: focal and peripheral awareness in multiple monitor use},
  author={Grudin, Jonathan},
  booktitle={Proceedings of the SIGCHI conference on Human factors in computing systems},
  pages={458--465},
  year={2001},
  organization={ACM}
}

@article{brehmer2014overview,
  title={Overview: The design, adoption, and analysis of a visual document mining tool for investigative journalists},
  author={Brehmer, Matthew and Ingram, Stephen and Stray, Jonathan and Munzner, Tamara},
  journal={IEEE transactions on visualization and computer graphics},
  volume={20},
  number={12},
  pages={2271--2280},
  year={2014},
  publisher={IEEE}
}

@incollection{pretorius2014tasks,
  title={Tasks for multivariate network analysis},
  author={Pretorius, Johannes and Purchase, Helen C and Stasko, John T},
  booktitle={Multivariate Network Visualization},
  pages={77--95},
  year={2014},
  publisher={Springer}
}

@inproceedings{hollt2016cytosplore,
  title={Cytosplore: Interactive Immune Cell Phenotyping for Large Single-Cell Datasets},
  author={H{\"o}llt, Thomas and Pezzotti, Nicola and van Unen, Vincent and Koning, Frits and Eisemann, Elmar and Lelieveldt, Boudewijn and Vilanova, Anna},
  booktitle={Computer Graphics Forum},
  volume={35},
  number={3},
  pages={171--180},
  year={2016},
  organization={Wiley Online Library}
}

@article{fulda2015timelinecurator,
  title={TimeLineCurator: Interactive authoring of visual timelines from unstructured text},
  author={Fulda, Johanna and Brehmel, Matthew and Munzner, Tamara},
  journal={IEEE transactions on visualization and computer graphics},
  volume={22},
  number={1},
  pages={300--309},
  year={2015},
  publisher={IEEE}
}

@inproceedings{mcnabb2017survey,
  title={Survey of Surveys (SoS)-Mapping The Landscape of Survey Papers in Information Visualization},
  author={McNabb, Liam and Laramee, Robert S},
  booktitle={Computer Graphics Forum},
  volume={36},
  number={3},
  pages={589--617},
  year={2017},
  organization={Wiley Online Library}
}

@article{meyer2015nested,
  title={The nested blocks and guidelines model},
  author={Meyer, Miriah and Sedlmair, Michael and Quinan, P Samuel and Munzner, Tamara},
  journal={Information Visualization},
  volume={14},
  number={3},
  pages={234--249},
  year={2015},
  publisher={SAGE Publications Sage UK: London, England}
}

@inproceedings{liu2013immens,
  title={imMens: Real-time Visual Querying of Big Data},
  author={Liu, Zhicheng and Jiang, Biye and Heer, Jeffrey},
  booktitle={Computer Graphics Forum},
  volume={32},
  number={3pt4},
  pages={421--430},
  year={2013},
  organization={Wiley Online Library}
}

@article{elmqvist2009hierarchical,
  title={Hierarchical aggregation for information visualization: Overview, techniques, and design guidelines},
  author={Elmqvist, Niklas and Fekete, Jean-Daniel},
  journal={IEEE Transactions on Visualization and Computer Graphics},
  volume={16},
  number={3},
  pages={439--454},
  year={2009},
  publisher={IEEE}
}

@inproceedings{shrinivasan2008supporting,
  title={Supporting the analytical reasoning process in information visualization},
  author={Shrinivasan, Yedendra Babu and van Wijk, Jarke J},
  booktitle={Proceedings of the SIGCHI conference on human factors in computing systems},
  pages={1237--1246},
  year={2008},
  organization={ACM}
}

@inproceedings{roth2012empirically,
  title={An empirically-derived taxonomy of cartographic interaction primitives},
  author={Roth, RE},
  organization={Citeseer}
}

@article{friel2001making,
  title={Making sense of graphs: Critical factors influencing comprehension and instructional implications},
  author={Friel, Susan N and Curcio, Frances R and Bright, George W},
  journal={Journal for Research in mathematics Education},
  pages={124--158},
  year={2001},
  publisher={JSTOR}
}

@inproceedings{valiati2006taxonomy,
  title={A taxonomy of tasks for guiding the evaluation of multidimensional visualizations},
  author={Valiati, Eliane RA and Pimenta, Marcelo S and Freitas, Carla MDS},
  booktitle={Proceedings of the 2006 AVI workshop on Beyond time and errors: novel evaluation methods for information visualization},
  pages={1--6},
  year={2006},
  organization={ACM}
}

@inproceedings{bakke2016expressive,
  title={Expressive query construction through direct manipulation of nested relational results},
  author={Bakke, Eirik and Karger, David R},
  booktitle={Proceedings of the 2016 International Conference on Management of Data},
  pages={1377--1392},
  year={2016},
  organization={ACM}
}

@article{woodruff2001datasplash,
  title={DataSplash: A direct manipulation environment for programming semantic zoom visualizations of tabular data},
  author={Woodruff, Allison and Olston, Chris and Aiken, Alexander and Chu, Michael and Ercegovac, Vuk and Lin, Mark and Spalding, Mybrid and Stonebraker, Michael},
  journal={Journal of Visual Languages \& Computing},
  volume={12},
  number={5},
  pages={551--571},
  year={2001},
  publisher={Elsevier}
}


@book{noruvsis1986spss,
  title={The SPSS guide to data analysis},
  author={Noru{\v{s}}is, Marija J},
  year={1986},
  publisher={Spss}
}

@article{sas1985sas,
  title={SAS user's guide: statistics},
  author={SAS, Institute},
  journal={SAS Institute, Cary, NC},
  year={1985}
}

@article{d3,
  title={D$^3$ data-driven documents},
  author={Bostock, Michael and Ogievetsky, Vadim and Heer, Jeffrey},
  journal={IEEE transactions on visualization and computer graphics},
  volume={17},
  number={12},
  pages={2301--2309},
  year={2011},
  publisher={IEEE}
}



@article{leskovec2016snap,
  title={SNAP: A General-Purpose Network Analysis and Graph-Mining Library},
  author={Leskovec, Jure and Sosi{\v{c}}, Rok},
  journal={ACM Transactions on Intelligent Systems and Technology (TIST)},
  volume={8},
  number={1},
  pages={1},
  year={2016},
  publisher={ACM}
}

@article{leskovec2016snap,
  title={SNAP: A General-Purpose Network Analysis and Graph-Mining Library},
  author={Leskovec, Jure and Sosi{\v{c}}, Rok},
  journal={ACM Transactions on Intelligent Systems and Technology (TIST)},
  volume={8},
  number={1},
  pages={1},
  year={2016},
  publisher={ACM}
}

@inproceedings{tablesense,
  title={TableSense: Spreadsheet Table Detection with Convolutional Neural Networks},
  author={Dong, Haoyu and Liu, Shijie and Han, Shi and Fu, Zhouyu and Zhang, Dongmei},
  booktitle={Thirty-Third AAAI Conference on Artificial Intelligence},
  year={2019}
}

@inproceedings{chen2017spreadsheet,
  title={Spreadsheet property detection with rule-assisted active learning},
  author={Chen, Zhe and Dadiomov, Sasha and Wesley, Richard and Xiao, Gang and Cory, Daniel and Cafarella, Michael and Mackinlay, Jock},
  booktitle={Proceedings of the 2017 ACM on Conference on Information and Knowledge Management},
  pages={999--1008},
  year={2017},
  organization={ACM}
}


@article{liu2014effects,
  title={The effects of interactive latency on exploratory visual analysis},
  author={Liu, Zhicheng and others},
  journal={IEEE TVCG},
  volume={20},
  number={12},
  pages={2122--2131},
  year={2014},
  publisher={IEEE}
}

@article{beard1990navigational,
  title={Navigational techniques to improve the display of large two-dimensional spaces},
  author={Beard, David V and II, JOHN Q WALKER},
  journal={Behaviour \& Information Technology},
  volume={9},
  number={6},
  pages={451--466},
  year={1990},
  publisher={Taylor \& Francis}
}


@inproceedings{spenke1996focus,
  title={FOCUS: the interactive table for product comparison and selection},
  author={Spenke, Michael and Beilken, Christian and Berlage, Thomas},
  booktitle={Proceedings of the 9th annual ACM symposium on User interface software and technology},
  pages={41--50},
  year={1996},
  organization={ACM}
}

@article{brehmer2013multi,
  title={A multi-level typology of abstract visualization tasks},
  author={Brehmer, Matthew and Munzner, Tamara},
  journal={IEEE Transactions on Visualization and Computer Graphics},
  volume={19},
  number={12},
  pages={2376--2385},
  year={2013},
  publisher={IEEE}
}


@book{hansen2010analyzing,
  title={Analyzing social media networks with NodeXL: Insights from a connected world},
  author={Hansen, Derek L and Shneiderman, Ben and Smith, Marc A},
  year={2010},
  publisher={Morgan Kaufmann}
}


@inproceedings{chi1997spreadsheet,
  title={A spreadsheet approach to information visualization},
  author={Chi, EH-H and Barry, Phillip and Riedl, John and Konstan, Joseph},
  booktitle={Information Visualization, 1997. Proceedings., IEEE Symposium on},
  pages={17--24},
  year={1997},
  organization={IEEE}
}

@inproceedings{rao1994table,
  title={The table lens: merging graphical and symbolic representations in an interactive focus+ context visualization for tabular information},
  author={Rao, Ramana and Card, Stuart K},
  booktitle={Proceedings of the SIGCHI conference on Human factors in computing systems},
  pages={318--322},
  year={1994},
  organization={ACM}
}

@article{bederson2004datelens,
  title={DateLens: A fisheye calendar interface for PDAs},
  author={Bederson, Benjamin B and Clamage, Aaron and Czerwinski, Mary P and Robertson, George G},
  journal={ACM Transactions on Computer-Human Interaction (TOCHI)},
  volume={11},
  number={1},
  pages={90--119},
  year={2004},
  publisher={ACM}
}

@inproceedings{spenke2003visualization,
  title={Visualization and Analysis of Formula One Racing Results with InfoZoom-the Demo.},
  author={Spenke, Michael and Beilken, Christian},
  booktitle={INTERACT},
  year={2003}
}

@inproceedings{levoy1994spreadsheets,
  title={Spreadsheets for images},
  author={Levoy, Marc},
  booktitle={Proceedings of the 21st annual conference on Computer graphics and interactive techniques},
  pages={139--146},
  year={1994},
  organization={ACM}
}

@inproceedings{kandel2008photospread,
  title={Photospread: a spreadsheet for managing photos},
  author={Kandel, Sean and Paepcke, Andreas and Theobald, Martin and Garcia-Molina, Hector and Abelson, Eric},
  booktitle={Proceedings of the SIGCHI conference on human factors in computing systems},
  pages={1749--1758},
  year={2008},
  organization={ACM}
}

@inproceedings{piersol1986object,
  title={Object-oriented spreadsheets: the analytic spreadsheet package},
  author={Piersol, Kurt W},
  booktitle={ACM Sigplan Notices},
  volume={21},
  number={11},
  pages={385--390},
  year={1986},
  organization={ACM}
}


@inproceedings{roberts2007state,
  title={State of the art: Coordinated \& multiple views in exploratory visualization},
  author={Roberts, Jonathan C},
  booktitle={Coordinated and Multiple Views in Exploratory Visualization, 2007. CMV'07. Fifth International Conference on},
  pages={61--71},
  year={2007},
  organization={IEEE}
}


@book{nardi1990spreadsheet,
  title={The spreadsheet interface: A basis for end user programming},
  author={Nardi, Bonnie A and Miller, James R},
  year={1990},
  publisher={Hewlett-Packard Laboratories}
}

@inproceedings{wang2000guidelines,
  title={Guidelines for using multiple views in information visualization},
  author={Wang Baldonado, Michelle Q and Woodruff, Allison and Kuchinsky, Allan},
  booktitle={Proceedings of the working conference on Advanced visual interfaces},
  pages={110--119},
  year={2000},
  organization={ACM}
}


@inproceedings{perlin1993pad,
  title={Pad: an alternative approach to the computer interface},
  author={Perlin, Ken and Fox, David},
  booktitle={Proceedings of the 20th annual conference on Computer graphics and interactive techniques},
  pages={57--64},
  year={1993},
  organization={ACM}
}

@inproceedings{summers2003experimental,
  title={An experimental evaluation of continuous semantic zooming in program},
  author={Summers, Kenneth L and Goldsmith, Timothy E and Kubica, Steve and Caudell, Thomas P},
  booktitle={Information Visualization, 2003. INFOVIS 2003. IEEE Symposium on},
  pages={155--162},
  year={2003},
  organization={IEEE}
}


@inproceedings{chang2016using,
  title={Using and exploring hierarchical data in spreadsheets},
  author={Chang, Kerry Shih-Ping and Myers, Brad A},
  booktitle={Proceedings of the 2016 CHI Conference on Human Factors in Computing Systems},
  pages={2497--2507},
  year={2016},
  organization={ACM}
}

@inproceedings{ioannidis2003history,
  title={The history of histograms (abridged)},
  author={Ioannidis, Yannis},
  booktitle={Proceedings 2003 VLDB Conference},
  pages={19--30},
  year={2003},
  organization={Elsevier}
}

@inproceedings{mousavi2011fast,
  title={Fast and accurate computation of equi-depth histograms over data streams},
  author={Mousavi, Hamid and Zaniolo, Carlo},
  booktitle={Proceedings of the 14th International Conference on Extending Database Technology},
  pages={69--80},
  year={2011},
  organization={ACM}
}
@article{wongsuphasawat2016voyager,
  title={Voyager: Exploratory analysis via faceted browsing of visualization recommendations},
  author={Wongsuphasawat, Kanit and Moritz, Dominik and Anand, Anushka and Mackinlay, Jock and Howe, Bill and Heer, Jeffrey},
  journal={IEEE Transactions on Visualization \& Computer Graphics},
  number={1},
  pages={1--1},
  year={2016},
  publisher={IEEE}
}


@article{bradbard2014spreadsheet,
  title={Spreadsheet usage by management accountants: An exploratory study},
  author={Bradbard, David A and Alvis, Charles and Morris, Richard},
  journal={Journal of Accounting Education},
  volume={32},
  number={4},
  pages={24--30},
  year={2014},
  publisher={Elsevier}
}

@article{cockburn2009review,
  title={A review of overview+ detail, zooming, and focus+ context interfaces},
  author={Cockburn, Andy and Karlson, Amy and Bederson, Benjamin B},
  journal={ACM Computing Surveys (CSUR)},
  volume={41},
  number={1},
  pages={2},
  year={2009},
  publisher={ACM}
}


@article{lawson2009comparison,
  title={A comparison of spreadsheet users with different levels of experience},
  author={Lawson, Barry R and Baker, Kenneth R and Powell, Stephen G and Foster-Johnson, Lynn},
  journal={Omega},
  volume={37},
  number={3},
  pages={579--590},
  year={2009},
  publisher={Elsevier}
}


@article{badam2018elastic,
  title={Elastic Documents: Coupling Text and Tables through Contextual Visualizations for Enhanced Document Reading},
  author={Badam, Sriram Karthik and Liu, Zhicheng and Elmqvist, Niklas},
  journal={IEEE transactions on visualization and computer graphics},
  year={2018},
  publisher={IEEE}
}

@inproceedings{mack2018reddit,
  title={Characterizing Scalability Issues in Spreadsheet Software using Online Forums},
  booktitle={SIGCHI},
  author={Mack, Kelly and others},
  year={2018}
}

@article{panko1998we,
  title={What we know about spreadsheet errors},
  author={Panko, Raymond R},
  journal={Journal of Organizational and End User Computing (JOEUC)},
  volume={10},
  number={2},
  pages={15--21},
  year={1998},
  publisher={IGI Global}
}


@inproceedings{bakke2011spreadsheet,
  title={A spreadsheet-based user interface for managing plural relationships in structured data},
  author={Bakke, Eirik and Karger, David and Miller, Rob},
  booktitle={Proceedings of the SIGCHI conference on human factors in computing systems},
  pages={2541--2550},
  year={2011},
  organization={ACM}
}

@article{joglekar2015smart,
  title={Smart drill-down: A new data exploration operator},
  author={Joglekar, Manas and Garcia-Molina, Hector and Parameswaran, Aditya},
  journal={Proceedings of the VLDB Endowment},
  volume={8},
  number={12},
  pages={1928--1931},
  year={2015},
  publisher={VLDB Endowment}
}

@misc{pivot-table,
   title = {{Pivot Table}},
  howpublished = "\url{https://en.wikipedia.org/wiki/Pivot_table}"
}

@misc{gs,
   title = {{Google sheets limit}},
  howpublished = "\url{https://support.google.com/drive/answer/37603}"
}

@misc{accusation,
   title = {{A Lone Data Whiz Is Fighting Airbnb---and Winning}},
  howpublished = "\url{https://www.wired.com/2017/02/a-lone-data-whiz-is-fighting-airbnb-and-winning/}"
}

@misc{breadcrumb,
   title = {{A Lone Data Whiz Is Fighting Airbnb---and Winning}},
  howpublished = "\url{https://en.wikipedia.org/wiki/Breadcrumb_(navigation)
}"
}
@misc{subtotal,
   title = {{SUBTOTAL}},
  howpublished = "\url{https://exceljet.net/excel-functions/excel-subtotal-function}"
}

@misc{excel_func,
   title = {{Excel functions by category}},
  howpublished = "\url{https://support.office.com/en-us/article/excel-functions-by-category-5f91f4e9-7b42-46d2-9bd1-63f26a86c0eb}"
}

@misc{airtable,
   title = {{Airtable}},
  howpublished = "\url{https://airtable.com/}"
}

@inproceedings{Raman99scalablespreadsheets,
    author = {Raman, Vijayshankar  and others},
    title = {Scalable Spreadsheets for Interactive Data Analysis},
    booktitle = {ACM SIGMOD Workshop on DMKD},
    year = {1999},
}

@article{chaudhuri1998random,
  title={Random sampling for histogram construction: How much is enough?},
  author={Chaudhuri, Surajit and Motwani, Rajeev and Narasayya, Vivek},
  journal={ACM SIGMOD Record},
  volume={27},
  number={2},
  pages={436--447},
  year={1998},
  publisher={ACM}
}


@incollection{nunez2000vissh,
  title={Vissh: A data visualisation spreadsheet},
  author={Nunez, Fabian and Blake, Edwin},
  booktitle={Data Visualization 2000},
  pages={209--218},
  year={2000},
  publisher={Springer}
}

@misc{excel-users,
   title = {{How finance leaders can drive performance}},
  howpublished = "\url{https://enterprise.microsoft.com/en-gb/articles/roles/finance-leader/how-finance-leaders-can-drive-performance/}"
}

@misc{dataspread,
   title = {{DataSpread}},
  howpublished = "\url{https://dataspread.github.io/}"
}

@misc{pivot,
   title = {{Pivot Table}},
  howpublished = "\url{https://en.wikipedia.org/wiki/Pivot_table}"
}

@misc{named-range,
   title = {{Define and use names in formulas}},
  howpublished = "\url{https://www.excel-easy.com/examples/names-in-formulas.html}"
}

@article{task-complexity,
  title={Framework for cognitive skill acquisition and spreadsheet training},
  author={Kruck, SE and Maher, John J and Barkhi, Reza},
  journal={Journal of Organizational and End User Computing (JOEUC)},
  volume={15},
  number={1},
  pages={20--37},
  year={2003},
  publisher={IGI Global}
}

@article{nav-study,
  title={Navigational techniques to improve the display of large two-dimensional spaces},
  author={Beard, David V and II, JOHN Q WALKER},
  journal={Behaviour \& Information Technology},
  volume={9},
  number={6},
  pages={451--466},
  year={1990},
  publisher={Taylor \& Francis}
}

@article{network-context,
  title={How experienced users avoid getting lost in large display networks},
  author={Watts-Perotti, Jennifer and Woods, David D},
  journal={International Journal of Human-Computer Interaction},
  volume={11},
  number={4},
  pages={269--299},
  year={1999}
}


@inproceedings{table-lens,
  title={The table lens: merging graphical and symbolic representations in an interactive focus+ context visualization for tabular information},
  author={Rao, Ramana and Card, Stuart K},
  booktitle={Proceedings of the SIGCHI conference on Human factors in computing systems},
  pages={318--322},
  year={1994},
  organization={ACM}
}


@article{overview-detail,
  title={A review of overview+ detail, zooming, and focus+ context interfaces},
  author={Cockburn, Andy and Karlson, Amy and Bederson, Benjamin B},
  journal={ACM Computing Surveys (CSUR)},
  volume={41},
  number={1},
  pages={2},
  year={2009},
  publisher={ACM}
}

@book{koffka2013principles,
  title={Principles of Gestalt psychology},
  author={Koffka, Kurt},
  volume={44},
  year={2013},
  publisher={Routledge}
}

@inproceedings{datamodels,
author        = {Bendre, Mangesh and others},
booktitle={ICDE},
title         = {Towards a Holistic Integration of Spreadsheets with Databases: {A}
                   Scalable Storage Engine for Presentational Data Management},
year={2018},
volume={},
number={},
month={April}
}


@inproceedings{basu2008minimum,
  title={Minimum-effort driven dynamic faceted search in structured databases},
  author={Basu Roy, Senjuti and Wang, Haidong and Das, Gautam and Nambiar, Ullas and Mohania, Mukesh},
  booktitle={Proceedings of the 17th ACM conference on Information and knowledge management},
  pages={13--22},
  year={2008},
  organization={ACM}
}

@inproceedings{singh2012skimmer,
  title={Skimmer: rapid scrolling of relational query results},
  author={Singh, Manish and Nandi, Arnab and Jagadish, HV},
  booktitle={Proceedings of the 2012 ACM SIGMOD International Conference on Management of Data},
  pages={181--192},
  year={2012},
  organization={ACM}
}


@MISC{web:airbnb,
title = {The inside airbnb dataset.},
howpublished = {http://insideairbnb.com/get-the-data.html}
}

@MISC{web:flight,
title = {The US flight dataset.},
howpublished = {https://www.transtats.bts.gov/}
}

@MISC{tableau,
title = {Tableau Software.},
howpublished = {https://www.tableau.com/}
}


@MISC{powerbi,
title = {Microsoft Power BI.},
howpublished = {https://powerbi.microsoft.com/en-us/}
}

@MISC{viscon,
title = {Viusal Continuity.},
howpublished = {https://link.springer.com/referenceworkentry/10.1007%2F978-0-387-35973-1_1453}
}

@article{gratzl2013lineup,
  title={Lineup: Visual analysis of multi-attribute rankings},
  author={Gratzl, Samuel and Lex, Alexander and Gehlenborg, Nils and Pfister, Hanspeter and Streit, Marc},
  journal={IEEE transactions on visualization and computer graphics},
  volume={19},
  number={12},
  pages={2277--2286},
  year={2013},
  publisher={IEEE}
}

@inproceedings{2017trust,
 title = {Trust, but Verify: Optimistic Visualizations of Approximate Queries for Exploring Big Data},
 author = {Moritz, Dominik  and others},
 booktitle = {CHI},
 year = {2017},
 url = {http://idl.cs.washington.edu/papers/trust-but-verify}
}

@article{yalccin2018keshif,
  title={Keshif: Rapid and expressive tabular data exploration for novices},
  author={Yal{\c{c}}{\i}n, Mehmet Adil and Elmqvist, Niklas and Bederson, Benjamin B},
  journal={IEEE transactions on visualization and computer graphics},
  volume={24},
  number={8},
  pages={2339--2352},
  year={2018},
  publisher={IEEE}
}

@article{sarvghad2018embedded,
  title={Embedded merge \& split: Visual adjustment of data grouping},
  author={Sarvghad, Ali and Saket, Bahador and Endert, Alex and Weibel, Nadir},
  journal={IEEE transactions on visualization and computer graphics},
  volume={25},
  number={1},
  pages={800--809},
  year={2018},
  publisher={IEEE}
}

@inproceedings{cockburn2006faster,
  title={Faster document navigation with space-filling thumbnails},
  author={Cockburn, Andy and Gutwin, Carl and Alexander, Jason},
  booktitle={Proceedings of the SIGCHI conference on Human Factors in computing systems},
  pages={1--10},
  year={2006},
  organization={ACM}
}

@inproceedings{kratz2010semi,
  title={Semi-automatic zooming for mobile map navigation},
  author={Kratz, Sven and Brodien, Ivo and Rohs, Michael},
  booktitle={Proceedings of the 12th international conference on Human computer interaction with mobile devices and services},
  pages={63--72},
  year={2010},
  organization={ACM}
}

@inproceedings{nekrasovski2006evaluation,
  title={An evaluation of pan \& zoom and rubber sheet navigation with and without an overview},
  author={Nekrasovski, Dmitry and Bodnar, Adam and McGrenere, Joanna and Guimbreti{\`e}re, Fran{\c{c}}ois and Munzner, Tamara},
  booktitle={Proceedings of the SIGCHI conference on Human Factors in computing systems},
  pages={11--20},
  year={2006},
  organization={ACM}
}

@inproceedings{plaisant2002spacetree,
  title={Spacetree: Supporting exploration in large node link tree, design evolution and empirical evaluation},
  author={Plaisant, Catherine and Grosjean, Jesse and Bederson, Benjamin B},
  booktitle={IEEE Symposium on Information Visualization, 2002. INFOVIS 2002.},
  pages={57--64},
  year={2002},
  organization={IEEE}
}

@article{north2000snap,
  title={Snap-together visualization: can users construct and operate coordinated visualizations?},
  author={North, Chris and Shneiderman, Ben},
  journal={International Journal of Human-Computer Studies},
  volume={53},
  number={5},
  pages={715--739},
  year={2000},
  publisher={Citeseer}
}

@MISC{web:explore,
title = {Google Explore.},
howpublished = {https://www.techrepublic.com/article/how-to-use-the-new-google-explore-feature/}
}

@MISC{web:hillview,
title = {Hillview.},
howpublished = {https://github.com/vmware/hillview}
}


@article{vartak2014seedb,
  title={SEEDB: automatically generating query visualizations},
  author={Vartak, Manasi and Madden, Samuel and Parameswaran, Aditya and Polyzotis, Neoklis},
  journal={Proceedings of the VLDB Endowment},
  volume={7},
  number={13},
  pages={1581--1584},
  year={2014},
  publisher={VLDB Endowment}
}

@incollection{shneiderman2003eyes,
  title={The eyes have it: A task by data type taxonomy for information visualizations},
  author={Shneiderman, Ben},
  booktitle={The Craft of Information Visualization},
  pages={364--371},
  year={2003},
  publisher={Elsevier}
}

@article{chan1996use,
  title={The use of spreadsheets in organizations: Determinants and consequences},
  author={Chan, Yolande E and Storey, Veda C},
  journal={Information \& Management},
  volume={31},
  number={3},
  pages={119--134},
  year={1996},
  publisher={Elsevier}
}

@article{raden2005shedding,
  title={Shedding light on shadow IT: Is Excel running your business},
  author={Raden, Neil},
  journal={DSSResources.com},
  volume={26},
  year={2005}
}





